@article{example_citation,
	title = {Article titel},
	volume = {1},
	issn = {1234-5678},
	url = {URL},
	doi = {doi},
	journaltitle = {Journal name},
	author = {Surname, Name},
	date = {2022-06-01},
    year = {2022},
    journal = {Journal name}
}

@article{assuncao_reengineering_2017,
	title = {Reengineering legacy applications into software product lines: a systematic mapping},
	volume = {22},
	issn = {1382-3256, 1573-7616},
	url = {http://link.springer.com/10.1007/s10664-017-9499-z},
	doi = {10.1007/s10664-017-9499-z},
	shorttitle = {Reengineering legacy applications into software product lines},
	pages = {2972--3016},
	number = {6},
	journaltitle = {Empirical Software Engineering},
	shortjournal = {Empir Software Eng},
	author = {Assunção, Wesley K. G. and Lopez-Herrejon, Roberto E. and Linsbauer, Lukas and Vergilio, Silvia R. and Egyed, Alexander},
	urldate = {2025-03-23},
	date = {2017-12},
    year = {2017},
	langid = {english},
    journal = {Empirical Software Engineering}
}